%Hier komen jouw bibtex referenties. Bij het artikel zelf staat vaak aangegeven hoe je naar het artikel moet refereren in bibtex format. Zie ook https://en.wikibooks.org/wiki/LaTeX/Bibliography_Management voor alle mogelijkheden.

%Met manual kan je een referentie toevoegen waar geen vast format voor is.
@manual{geenadavis,
    author= {Narayanan, S. and Heldman, C.},
    organization= {Geena Davis Institute on Gender in Media},
    title= "The Reel Truth: Women Aren’t Seen or Heard",
    year= "2017",
    note= "Retrieved May 1, 2017, from
     \url{https://seejane.org/research-informs-empowers/data/}"
}

@inproceedings{inselberg1990parallel,
  title={Parallel coordinates: a tool for visualizing multi-dimensional geometry},
  author={Inselberg, Alfred and Dimsdale, Bernard},
  booktitle={Proceedings of the 1st conference on Visualization'90},
  pages={361--378},
  year={1990},
  organization={IEEE Computer Society Press}
}
  
@article{heer2010tour,
  title={A tour through the visualization zoo.},
  author={Heer, Jeffrey and Bostock, Michael and Ogievetsky, Vadim},
  journal={Commun. Acm},
  volume={53},
  number={6},
  pages={59--67},
  year={2010}
}

%Misc kan gebruikt worden voor het refereren naar een online artikel
@misc{lindner2017movies,
    author= {Lindner, A. M., and Schulting, Z. },
    title= "How Movies with a Female Presence Fare With Critics",
    year= "2017",
    note= "Retrieved June 17, 2017, from
     \url{https://osf.io/preprints/socarxiv/dzcq2}"
}

@book{rogers2011interaction,
  title={Interaction design: beyond human-computer interaction},
  author={Rogers, Y., and Sharp, H., and Preece, J.},
  year={2011},
  publisher={John Wiley \& Sons}
}

@article{norman2014incremental,
  title={Incremental and radical innovation: Design research vs. technology and meaning change},
  author={Norman, Donald A and Verganti, Roberto},
  journal={Design issues},
  volume={30},
  number={1},
  pages={78--96},
  year={2014},
  publisher={MIT Press One Rogers Street, Cambridge, MA 02142-1209, USA journals-info~…}
}